@misc{julialang,
    title={The Julia Programming Language},
    howpublished={\url{https://julialang.org/}},
    year={2021}
}

@misc{zemax,
    title={Zemax {OpticStudio}},
    howpublished={\url{https://www.zemax.com/products/opticstudio}},
    year={2021}
}

@article{forbes2010robust,
  title={Robust, efficient computational methods for axially symmetric optical aspheres},
  author={Forbes, GW},
  journal={Optics express},
  volume={18},
  number={19},
  pages={19700--19712},
  year={2010},
  publisher={Optical Society of America}
}

@article{forbes2012characterizing,
  title={Characterizing the shape of freeform optics},
  author={Forbes, GW},
  journal={Optics express},
  volume={20},
  number={3},
  pages={2483--2499},
  year={2012},
  publisher={Optical Society of America}
}